%%%%%%%%%%%%%%%%%%%%%%
% Articles and books %
%%%%%%%%%%%%%%%%%%%%%%

@book{Corke:2017aa,
    Address       = {Cham},
    Author        = {Peter Corke},
    Edition       = {2nd},
    Publisher     = {Springer},
    Title         = {Robotics, Vision and Control: Fundamental Algorithms in MATLAB},
    Year          = {2017}
}

@book{probaRobotics,
    Author        = {Sebastian THRUN, Wolfram BURGARD, Dieter FOX},
    Publisher     = {Ronald C. Arkin},
    Title         = {PROBABILISTIC ROBOTICS},
    Year          = {2000}
}

@article{DBLP:journals/corr/CadenaCCLSN0L16,
    author        = {Cesar Cadena and Luca Carlone and Henry Carrillo and Yasir Latif and Davide Scaramuzza and Jos{\'{e}} Neira and Ian D. Reid and John J. Leonard},
    title         = {Simultaneous Localization And Mapping: Present, Future, and the Robust-Perception Age},
    journal       = {CoRR},
    volume        = {abs/1606.05830},
    year          = {2016},
    url           = {http://arxiv.org/abs/1606.05830},
    archivePrefix = {arXiv},
    eprint        = {1606.05830},
    timestamp     = {Mon, 13 Aug 2018 16:47:35 +0200},
    biburl        = {https://dblp.org/rec/journals/corr/CadenaCCLSN0L16.bib},
    bibsource     = {dblp computer science bibliography, https://dblp.org}
}


%%%%%%%%%%%%
% Websites %
%%%%%%%%%%%%

@misc{trsulgrobotics,
    Author        = {{Renaud Detry}},
    Title         = {TRS: An Open-source Recipe for Teaching/Learning Robotics with a Simulator},
    Url           = {http://ulgrobotics.github.io/trs/},
    Year          = {2014}
}

@misc{trsulgroboticsgithub,
    Author        = {{Renaud Detry}},
    Title         = {TRS: An Open-source Recipe for Teaching/Learning Robotics with a Simulator},
    Url           = {https://github.com/ULgRobotics/trs},
    Year          = {2020}
}

@misc{coppeliaroboticsdocs,
    Author        = {{Coppelia Robotics}},
    Title         = {Regular API function list (alphabetical order)},
    Url           = {https://www.coppeliarobotics.com/helpFiles/en/apiFunctionListAlphabetical.htm},
    Year          = {2020}
}

@misc{slamcourseyoutube,
    Author        = {{Cyrill Stachniss}},
    Title         = {SLAM-Course - 01 - Introduction to Robot Mapping (2013/14; Cyrill Stachniss)},
    Url           = {https://www.youtube.com/watch?v=wVsfCnyt5jA},
    Year          = {2013}
}

@misc{imfindcirclesmatlab,
    Author        = {{MATLAB}},
    Title         = {imfindcircles - Find circles using circular Hough transform},
    Url           = {https://nl.mathworks.com/help/images/ref/imfindcircles.html},
    Year          = {2020}
}

@misc{pcsegdistmatlab,
    Author        = {{MATLAB}},
    Title         = {pcsegdist - Segment point cloud into clusters based on Euclidean distance},
    Url           = {https://nl.mathworks.com/help/vision/ref/pcsegdist.html},
    Year          = {2020}
}

@misc{slammatlab,
    Author        = {{MATLAB}},
    Title         = {What Is SLAM?},
    Url           = {https://nl.mathworks.com/discovery/slam.html},
    Year          = {2020}
}

@misc{chtwikipedia,
    Author        = {{Wikipédia}},
    Title         = {Circle Hough Transform},
    Url           = {https://en.wikipedia.org/wiki/Circle_Hough_Transform},
    Year          = {2020}
}

@misc{slamwikipedia,
    Author        = {{Wikipédia}},
    Title         = {Simultaneous localization and mapping},
    Url           = {https://en.wikipedia.org/wiki/Simultaneous_localization_and_mapping},
    Year          = {2020}
}

@misc{slamnvidia,
    Author        = {{Scott Martin}},
    Title         = {What Is Simultaneous Localization and Mapping?},
    Url           = {https://cutt.ly/IfdwyAN},
    Year          = {2019}
}
