%%%%%%%%%%%%
% Internet %
%%%%%%%%%%%%

@misc{youtube_n_scarlata,
	Author = {Nicolas Scarlata},
	Title = {youBot map exploration in V-REP},
	Url = {https://www.youtube.com/watch?v=b7t6qkfPKuI},
	Year = {2017}
}

@misc{astar_github,
    Author = {EinarUeland},
	Title = {A* (Astar / A Star) search algorithm. Easy to use},
	Url = {https://github.com/EinarUeland/Astar-Algorithm},
	Year = {2019}
}
